@INPROCEEDINGS{Zarembski:14, 
author={A. M. Zarembski}, 
booktitle={2014 IEEE International Conference on Big Data (Big Data)}, 
title={Some examples of big data in railroad engineering}, 
year={2014}, 
pages={96-102}, 
keywords={Big Data;data acquisition;railways;storage management;Big Data;US railroad industry;capital infrastructure;car locations;data collection;data storage;data use;goods shipments tracking;infrastructure inspection;infrastructure intensive industry;infrastructure maintenance;inspection vehicle;maintenance management software systems;railroad activities;railroad engineering;railroad track;train crews management;Big data;Geometry;Industries;Inspection;Maintenance engineering;Rails;Vehicles;Railroad;maintenance planning;rail inspection;track;track geometry}, 
doi={10.1109/BigData.2014.7004437}, 
month={Oct},
}

@MANUAL{RailroadSafety:15,
author={Office of Railroad Safety},
title={Track Inspector Rail Defect Reference Manual},
year={2015},
}

@ARTICLE{Schafer:08,
author={D. H. Schafer},
journal={2008 AREMA Conference},
title={A PREDICTION MODEL FOR BROKEN RAILS AND AN ANALYSIS OF THEIR ECONOMIC IMPACT},
year={2008},
}

@inproceedings{Zaharia:2012,
 author = {Zaharia, Matei and Chowdhury, Mosharaf and Das, Tathagata and Dave, Ankur and Ma, Justin and McCauley, Murphy and Franklin, Michael J. and Shenker, Scott and Stoica, Ion},
 title = {Resilient Distributed Datasets: A Fault-tolerant Abstraction for In-memory Cluster Computing},
 booktitle = {Proceedings of the 9th USENIX Conference on Networked Systems Design and Implementation},
 series = {NSDI'12},
 year = {2012},
 location = {San Jose, CA},
 pages = {2--2},
 numpages = {1},
 url = {http://dl.acm.org/citation.cfm?id=2228298.2228301},
 acmid = {2228301},
 publisher = {USENIX Association},
 address = {Berkeley, CA, USA},
} 



